@article{Jones2017,
    title = {{Leveraging community sport organizations to promote community capacity: Strategic outcomes, challenges, and theoretical considerations}},
    year = {2017},
    journal = {Sport Management Review},
    author = {Jones, Gareth J. and Edwards, Michael B. and Bocarro, Jason N. and Bunds, Kyle S. and Smith, Jordan W.},
    publisher = {Sport Management Association of Australia and New Zealand},
    url = {http://dx.doi.org/10.1016/j.smr.2017.07.006},
    doi = {10.1016/j.smr.2017.07.006},
    issn = {14413523},
    keywords = {Case study, Community capacity, Community development, Community sport, Sport-for-development}
}

@article{dewey1914logical,
  title={Logical method and law},
  author={Dewey, John},
  journal={Cornell LQ},
  volume={10},
  pages={17},
  year={1914},
  publisher={HeinOnline}
}

@online{cs231n,
  author = {Karpathy, Andrej},
  title = {{CS231n Convolutional Neural Networks for Visual Recognition} Course notes},
  year = 2018,
  url = {http://cs231n.github.io/convolutional-networks/},
  urldate = {2018-04-05}
}

@article{rajasekar2006,
  title={Research methodology},
  author={Rajasekar, S and Philominathan, P and Chinnathambi, V},
  journal={arXiv preprint physics/0601009},
  year={2006}
}

@online{tflite,
  author = {TensorFlow team},
  title = {Introduction to TensorFlow Lite},
  year = 2018,
  url = {https://www.tensorflow.org/mobile/tflite/},
  urldate = {2018-05-25}
}

@online{tfmobile,
  author = {TensorFlow team},
  title = {Introduction to TensorFlow Mobile},
  year = 2018,
  url = {https://www.tensorflow.org/mobile/mobile_intro/},
  urldate = {2018-05-25}
}

@online{litevsmobile,
  author = {TensorFlow team},
  title = {TensorFlow Lite versus TensorFlow Mobile},
  year = 2018,
  url = {https://www.tensorflow.org/mobile /},
  urldate = {2018-05-25}
}

@online{tf_descpt,
  author = {TensorFlow team},
  title = {About TensorFlow},
  year = 2018,
  url = {https://www.tensorflow.org},
  urldate = {2018-05-25}
}

@inproceedings{abadi2016tensorflow,
  title={TensorFlow: A System for Large-Scale Machine Learning.},
  author={Abadi, Mart{\'\i}n and Barham, Paul and Chen, Jianmin and Chen, Zhifeng and Davis, Andy and Dean, Jeffrey and Devin, Matthieu and Ghemawat, Sanjay and Irving, Geoffrey and Isard, Michael and others},
  booktitle={OSDI},
  volume={16},
  pages={265--283},
  year={2016}
}


@online{TFdeploy,
  author = {TensorFlow team},
  title = {Preparing models for mobile deployment},
  year = 2018,
  url = {https://www.tensorflow.org/mobile/prepare_models},
  urldate = {2018-05-25}
}

@online{slagkr2018,
  title = {Slagkryssaren},
  year = 2018,
  url = {https://slagkryssaren.com/},
  urldate = {2018-05-30}
}

@article{hopfield1982,
  title={Neural networks and physical systems with emergent collective computational abilities},
  author={Hopfield, John J},
  journal={Proceedings of the national academy of sciences},
  volume={79},
  number={8},
  pages={2554--2558},
  year={1982},
  publisher={National Acad Sciences}
}

@book{aghdam2017guide,
  title={Guide to Convolutional Neural Networks: A Practical Application to Traffic-Sign Detection and Classification},
  author={Aghdam, Hamed Habibi and Heravi, Elnaz Jahani},
  year={2017},
  publisher={Springer}
}

@inproceedings{lee2009convolutional,
  title={Convolutional deep belief networks for scalable unsupervised learning of hierarchical representations},
  author={Lee, Honglak and Grosse, Roger and Ranganath, Rajesh and Ng, Andrew Y},
  booktitle={Proceedings of the 26th annual international conference on machine learning},
  pages={609--616},
  year={2009},
  organization={ACM}
}

@article{varda2008protocol,
  title={Protocol buffers: Googleâ€™s data interchange format},
  author={Varda, Kenton},
  journal={Google Open Source Blog, Available at least as early as Jul},
  volume={72},
  year={2008}
}

@article{techcrunch,
  title={Google shares developer preview of TensorFlow Lite},
  author={Matney, Lucas},
  journal={Google Open Source Blog, Available at least as early as Jul},
  url = {https://techcrunch.com/2017/11/14/google-releases-developer-preview-of-tensorflow-lite/?guccounter=1},
  urldate = {2017-11-15}
}

@article{harnad2008annotation,
  title={The annotation game: On turing (1950) on computing, machinery, and intelligence (published version bowdlerized)},
  author={Harnad, Stevan},
  year={2008},
  publisher={Springer}
}

@inproceedings{haakansson,
  title={Portal of research methods and methodologies for research projects and degree projects},
  author={H{\aa}kansson, Anne},
  booktitle={Proceedings of the International Conference on Frontiers in Education: Computer Science and Computer Engineering (FECS)},
  pages={1},
  year={2013},
  organization={The Steering Committee of The World Congress in Computer Science, Computer Engineering and Applied Computing (WorldComp)}
}

@book{salkind,
  title={Exploring research},
  author={Salkind, Neil J and Rainwater, Terese},
  year={2003},
  publisher={Prentice Hall Upper Saddle River, NJ}
}

@book{saunders,
  title={Research methods for business students, 5/e},
  author={Saunders, Mark NK},
  year={2011},
  publisher={Pearson Education India}
}

@book{myers,
  title={Qualitative research in business and management},
  author={Myers, Michael D},
  year={2013},
  publisher={Sage}
}

@inproceedings{stackoverflow,
  title={Stackoverflow and github: Associations between software development and crowdsourced knowledge},
  author={Vasilescu, Bogdan and Filkov, Vladimir and Serebrenik, Alexander},
  booktitle={Social computing (SocialCom), 2013 international conference on},
  pages={188--195},
  year={2013},
  organization={IEEE}
}

@misc{airola2017,
  title={Image Classification, Deep Learning and Convolutional Neural Networks: A Comparative Study of Machine Learning Frameworks},
  author={Airola, Rasmus and Hager, Kristoffer},
  year={2017}
}

@misc{schennings2017deep,
  title={Deep Convolutional Neural Networks for Real-Time Single Frame Monocular Depth Estimation},
  author={Schennings, Jacob},
  year={2017}
}

@incollection{alexnet,
title = {ImageNet Classification with Deep Convolutional Neural Networks},
author = {Alex Krizhevsky and Sutskever, Ilya and Hinton, Geoffrey E},
booktitle = {Advances in Neural Information Processing Systems 25},
editor = {F. Pereira and C. J. C. Burges and L. Bottou and K. Q. Weinberger},
pages = {1097--1105},
year = {2012},
publisher = {Curran Associates, Inc.},
url = {http://papers.nips.cc/paper/4824-imagenet-classification-with-deep-convolutional-neural-networks.pdf}
}

@article{mccormick2012,
  title={Waterfall vs. Agile methodology},
  author={McCormick, Mike},
  journal={MPCS, N/A},
  year={2012}
}

@article{burns2000introduction,
  title={Introduction to research methods},
  author={Burns, Robert B and Bursn, Robert B},
  year={2000},
  publisher={Sage London}
}

@book{schwaber2002agile,
  title={Agile software development with Scrum},
  author={Schwaber, Ken and Beedle, Mike},
  volume={1},
  year={2002},
  publisher={Prentice Hall Upper Saddle River}
}

@book{beck2000extreme,
  title={Extreme programming explained: embrace change},
  author={Beck, Kent and Gamma, Erich},
  year={2000},
  publisher={addison-wesley professional}
}

@article{rising2000scrum,
  title={The Scrum software development process for small teams},
  author={Rising, Linda and Janoff, Norman S},
  journal={IEEE software},
  volume={17},
  number={4},
  pages={26--32},
  year={2000},
  publisher={IEEE}
}

@article{alliance2016learn,
  title={Learn about scrum},
  author={Alliance, Scrum},
  journal={Scrum Alliance},
  year={2016}
}

@article{von2004design,
  title={Design science in information systems research},
  author={Von Alan, R Hevner and March, Salvatore T and Park, Jinsoo and Ram, Sudha},
  journal={MIS quarterly},
  volume={28},
  number={1},
  pages={75--105},
  year={2004},
  publisher={Springer}
}

@misc{developers2011android,
  title={What is android},
  author={Developers, Android},
  year={2011},
  publisher={Android Developers, http://developer. android. com/guide/basics/what-is-android. html, accessed May}
}

@article{studio2016official,
  title={the official IDE for Android},
  author={Studio, Android},
  journal={Android Studio. URL: https://developer. android. com/studio/index. html},
  year={2016}
}

@article{torvalds2010git,
  title={Git: Fast version control system},
  author={Torvalds, Linus and Hamano, Junio},
  journal={URL http://git-scm. com},
  year={2010}
}

@inproceedings{dwaraki2015gitflow,
  title={GitFlow: Flow revision management for software-defined networks},
  author={Dwaraki, Abhishek and Seetharaman, Srini and Natarajan, Sriram and Wolf, Tilman},
  booktitle={Proceedings of the 1st ACM SIGCOMM Symposium on Software Defined Networking Research},
  pages={6},
  year={2015},
  organization={ACM}
}

@article{jick1979mixing,
  title={Mixing qualitative and quantitative methods: Triangulation in action},
  author={Jick, Todd D},
  journal={Administrative science quarterly},
  volume={24},
  number={4},
  pages={602--611},
  year={1979},
  publisher={JSTOR}
}
@book{omidvar1997neural,
  title={Neural systems for control},
  author={Omidvar, Omid and Elliott, David L},
  year={1997},
  publisher={Elsevier}
}

@article{zhang2018pcamp,
  title={pCAMP: Performance Comparison of Machine Learning Packages on the Edges},
  author={Zhang, Xingzhou and Wang, Yifan and Shi, Weisong},
  year={2018}
}